%% This BibTeX bibliography file was created using BibDesk.
%% http://bibdesk.sourceforge.net/


%% Created for Andreas Beger at 2015-12-18 13:19:23 +0200 


%% Saved with string encoding Unicode (UTF-8) 



@article{fearon2003ethnicity,
	Author = {Fearon, James D. and Laitin, David D.},
	Date-Added = {2015-10-29 08:52:38 +0000},
	Date-Modified = {2015-11-04 13:29:05 +0000},
	Journal = {American political science review},
	Number = {1},
	Pages = {75--90},
	Title = {Ethnicity, insurgency, and civil war},
	Volume = {97},
	Year = {2003}}

@article{bagozzi2015modeling,
	Author = {Bagozzi, Benjamin E. and Hill, Daniel W. and Moore, Will H. and Mukherjee, Bumba},
	Date-Added = {2015-06-12 13:44:55 +0000},
	Date-Modified = {2015-11-04 13:28:29 +0000},
	Journal = {Journal of Conflict Resolution},
	Number = {4},
	Pages = {728--752},
	Title = {Modeling Two Types of Peace The Zero-inflated Ordered Probit (ZiOP) Model in Conflict Research},
	Volume = {59},
	Year = {2015}}

@article{forster2001role,
	Author = {Forster, Martin and Jones, Andrew M.},
	Date-Added = {2014-11-18 08:45:23 +0000},
	Date-Modified = {2015-11-04 13:29:08 +0000},
	Journal = {Journal of the Royal Statistical Society A},
	Number = {3},
	Pages = {517--547},
	Title = {The role of tobacco taxes in starting and quitting smoking: duration analysis of British data},
	Volume = {164},
	Year = {2001}}

@article{beger2014ensemble,
	Author = {Beger, Andreas and Dorff, Cassy L. and Ward, Michael D.},
	Date-Added = {2014-11-18 08:37:02 +0000},
	Date-Modified = {2015-11-03 13:29:20 +0000},
	Journal = {Research \& Politics},
	Number = {3},
	Pages = {1--7},
	Title = {Ensemble Forecasting of Irregular Leadership Change},
	Volume = {1},
	Year = {2014}}

@article{ward2013learning,
	Author = {Ward, Michael D. and Metternich, Nils W. and Dorff, Cassy L. and Gallop, Max and Hollenbach, Florian M. and Schultz, Anna and Weschle, Simon},
	Date-Added = {2014-11-18 08:35:58 +0000},
	Date-Modified = {2015-11-04 13:29:39 +0000},
	Journal = {International Studies Review},
	Number = {4},
	Pages = {473--490},
	Title = {Learning from the Past and Stepping into the Future: Toward a New Generation of Conflict Prediction},
	Volume = {15},
	Year = {2013}}

@article{belkin2003toward,
	Author = {Belkin, Aaron and Schofer, Evan},
	Date-Added = {2014-11-17 14:16:27 +0000},
	Date-Modified = {2014-11-17 14:16:27 +0000},
	Journal = {Journal of Conflict Resolution},
	Number = {5},
	Pages = {594--620},
	Title = {Toward a structural understanding of coup risk},
	Volume = {47},
	Year = {2003}}

@article{deyoung2003failure,
	Author = {DeYoung, Robert},
	Date-Added = {2014-11-17 14:14:30 +0000},
	Date-Modified = {2014-11-17 14:14:30 +0000},
	Journal = {Review of Financial Economics},
	Number = {1},
	Pages = {7--33},
	Title = {The failure of new entrants in commercial banking markets: a split-population duration analysis},
	Volume = {12},
	Year = {2003}}

@article{douglas1994hazard,
	Author = {Douglas, Stratford and Hariharan, Govind},
	Date-Added = {2014-11-17 14:13:29 +0000},
	Date-Modified = {2014-11-17 14:13:29 +0000},
	Journal = {Journal of health economics},
	Number = {2},
	Pages = {213--230},
	Title = {The hazard of starting smoking: estimates from a split population duration model},
	Volume = {13},
	Year = {1994}}

@article{schmidt1989predicting,
	Author = {Schmidt, Peter and Witte, Ann Dryden},
	Date-Added = {2014-11-17 14:12:50 +0000},
	Date-Modified = {2015-06-09 07:57:38 +0000},
	Journal = {Journal of Econometrics},
	Number = {1},
	Pages = {141--159},
	Title = {Predicting criminal recidivism using split population survival time models},
	Volume = {40},
	Year = {1989}}

@article{berkson1952survival,
	Author = {Berkson, Joseph and Gage, Robert P.},
	Date-Added = {2014-11-17 14:02:34 +0000},
	Date-Modified = {2015-11-04 13:28:46 +0000},
	Journal = {Journal of the American Statistical Association},
	Number = {259},
	Pages = {501--515},
	Title = {Survival curve for cancer patients following treatment},
	Volume = {47},
	Year = {1952}}

@article{boag1949maximum,
	Author = {Boag, John W.},
	Date-Added = {2014-11-17 13:43:53 +0000},
	Date-Modified = {2015-11-04 13:28:50 +0000},
	Journal = {Journal of the Royal Statistical Society B},
	Number = {1},
	Pages = {15--53},
	Title = {Maximum likelihood estimates of the proportion of patients cured by cancer therapy},
	Volume = {11},
	Year = {1949}}

@article{svolik2008authoritarian,
	Author = {Svolik, Milan},
	Date-Added = {2014-11-17 13:25:49 +0000},
	Date-Modified = {2015-11-03 13:28:36 +0000},
	Journal = {American Political Science Review},
	Number = {2},
	Pages = {153--168},
	Title = {Authoritarian reversals and democratic consolidation},
	Volume = {102},
	Year = {2008}}

@article{greenhill2011separation,
	Author = {Greenhill, Brian and Ward, Michael D. and Sacks, Audrey},
	Date-Modified = {2015-11-04 13:29:13 +0000},
	Journal = {American Journal of Political Science},
	Number = {4},
	Pages = {991--1002},
	Title = {The separation plot: a new visual method for evaluating the fit of binary models},
	Volume = {55},
	Year = {2011}}

@article{king2001logistic,
	Author = {King, Gary and Zeng, Langche},
	Date-Modified = {2015-12-18 11:18:54 +0000},
	Journal = {Political analysis},
	Number = {2},
	Pages = {137--163},
	Title = {Logistic regression in rare events data},
	Volume = {9},
	Year = {2001}}

@article{king2001explaining,
	Author = {King, Gary and Zeng, Langche},
	Date-Modified = {2015-12-18 11:19:23 +0000},
	Journal = {International Organization},
	Number = {03},
	Pages = {693--715},
	Title = {Explaining rare events in international relations},
	Volume = {55},
	Year = {2001}}
