%% This BibTeX bibliography file was created using BibDesk.
%% http://bibdesk.sourceforge.net/

%% Created for michael ward at 2017-02-17 14:33:16 +0100 


%% Saved with string encoding Unicode (UTF-8) 



@manual{rstats2016,
	Author = {{R} Core Team},
	Note = {{R} Foundation for Statistical Computing, Vienna, Austria},
	Title = {{R}: A Language and Environment for Statistical Computing},
	Url = {https://www.r-project.org},
	Year = {2016}}

@manual{beger2016spduration,
	Author = {Andreas Beger and Daina Chiba and Daniel Hill and Nils Metternich and Shahryar Minhas},
	Note = {{R}~package version~0.15.0},
	Title = {\texttt{spduration}: Split-population Duration (Cure) Regression},
	Url = {https://CRAN.R-project.org/package=spduration},
	Year = {2016}}

@manual{dahl2016xtable,
	Author = {Dahl, David B.},
	Note = {{R}~package version~1.8-2},
	Title = {\texttt{xtable}: Export Tables to \texttt{LaTeX} or \texttt{HTML}},
	Url = {https://CRAN.R-project.org/package=xtable},
	Year = {2016}}

@book{thernau2000modeling,
	Address = {New York},
	Author = {Thernau, Terry M.},
	Publisher = {Springer},
	Title = {Modeling Survival Data: Extending the Cox Model},
	Year = {2000}}

@manual{thernau2015survival,
	Author = {Thernau, Terry M.},
	Note = {{R}~package version~2.38},
	Title = {A Package for Survival Analysis in $\mathcal{S}$},
	Url = {http://CRAN.R-project.org/package=survival},
	Year = {2015}}

@article{cai2012smcure,
	Author = {Cai, Chao and Zou, Yubo and Peng, Yingwei and Zhang, Jiajia},
	Journal = {Computer Methods and Programs in Biomedicine},
	Number = {3},
	Pages = {1255--1260},
	Publisher = {Elsevier},
	Title = {\texttt{smcure}: An {R}-Package for Estimating Semiparametric Mixture Cure Models},
	Volume = {108},
	Year = {2012}}

@manual{cai2012smcureR,
	Author = {Chao Cai and Yubo Zou and Yingwei Peng and Jiajia Zhang},
	Note = {{R}~package version~2.0},
	Title = {\texttt{smcure}: Fit Semiparametric Mixture Cure Models},
	Url = {https://CRAN.R-project.org/package=smcure},
	Year = {2012}}

@article{fearon2003ethnicity,
	Author = {Fearon, James D. and Laitin, David D.},
	Journal = {American Political Science Review},
	Number = {1},
	Pages = {75--90},
	Title = {Ethnicity, Insurgency, and Civil War},
	Volume = {97},
	Year = {2003}}

@article{bagozzi2015modeling,
	Author = {Bagozzi, Benjamin E. and Hill, Daniel W. and Moore, Will H. and Mukherjee, Bumba},
	Journal = {Journal of Conflict Resolution},
	Number = {4},
	Pages = {728--752},
	Title = {Modeling Two Types of Peace The Zero-inflated Ordered Probit (ZiOP) Model in Conflict Research},
	Volume = {59},
	Year = {2015}}

@article{forster2001role,
	Author = {Forster, Martin and Jones, Andrew M.},
	Journal = {Journal of the Royal Statistical Society A},
	Number = {3},
	Pages = {517--547},
	Title = {The Role of Tobacco Taxes in Starting and Quitting Smoking: Duration Analysis of British Data},
	Volume = {164},
	Year = {2001}}

@article{beger2014ensemble,
	Author = {Beger, Andreas and Dorff, Cassy L. and Ward, Michael D.},
	Journal = {Research \& Politics},
	Number = {3},
	Pages = {1--7},
	Title = {Ensemble Forecasting of Irregular Leadership Change},
	Volume = {1},
	Year = {2014}}

@article{ward2013learning,
	Author = {Ward, Michael D. and Metternich, Nils W. and Dorff, Cassy L. and Gallop, Max and Hollenbach, Florian M. and Schultz, Anna and Weschle, Simon},
	Journal = {International Studies Review},
	Number = {4},
	Pages = {473--490},
	Title = {Learning from the Past and Stepping into the Future: Toward a New Generation of Conflict Prediction},
	Volume = {15},
	Year = {2013}}

@article{belkin2003toward,
	Author = {Belkin, Aaron and Schofer, Evan},
	Journal = {Journal of Conflict Resolution},
	Number = {5},
	Pages = {594--620},
	Title = {Toward a Structural Understanding of Coup Risk},
	Volume = {47},
	Year = {2003}}

@article{deyoung2003failure,
	Author = {DeYoung, Robert},
	Journal = {Review of Financial Economics},
	Number = {1},
	Pages = {7--33},
	Title = {The Failure of New Entrants in Commercial Banking Markets: A Split-Population Duration Analysis},
	Volume = {12},
	Year = {2003}}

@article{douglas1994hazard,
	Author = {Douglas, Stratford and Hariharan, Govind},
	Journal = {Journal of Health Economics},
	Number = {2},
	Pages = {213--230},
	Title = {The Hazard of Starting Smoking: Estimates From a Split Population Duration Model},
	Volume = {13},
	Year = {1994}}

@article{schmidt1989predicting,
	Author = {Schmidt, Peter and Witte, Ann Dryden},
	Journal = {Journal of Econometrics},
	Number = {1},
	Pages = {141--159},
	Title = {Predicting Criminal Recidivism Using Split Population Survival Time Models},
	Volume = {40},
	Year = {1989}}

@article{berkson1952survival,
	Author = {Berkson, Joseph and Gage, Robert P.},
	Journal = {Journal of the American Statistical Association},
	Number = {259},
	Pages = {501--515},
	Title = {Survival Curve for Cancer Patients Following Treatment},
	Volume = {47},
	Year = {1952}}

@article{boag1949maximum,
	Author = {Boag, John W.},
	Journal = {Journal of the Royal Statistical Society B},
	Number = {1},
	Pages = {15--53},
	Title = {Maximum Likelihood Estimates of the Proportion of Patients Cured by Cancer Therapy},
	Volume = {11},
	Year = {1949}}

@article{svolik2008authoritarian,
	Author = {Svolik, Milan},
	Journal = {American Political Science Review},
	Number = {2},
	Pages = {153--168},
	Title = {Authoritarian Reversals and Democratic Consolidation},
	Volume = {102},
	Year = {2008}}

@article{greenhill2011separation,
	Author = {Greenhill, Brian and Ward, Michael D. and Sacks, Audrey},
	Journal = {American Journal of Political Science},
	Number = {4},
	Pages = {991--1002},
	Title = {The Separation Plot: A New Visual Method for Evaluating the Fit of Binary Models},
	Volume = {55},
	Year = {2011}}

@article{king2001logistic,
	Author = {King, Gary and Zeng, Langche},
	Journal = {Political analysis},
	Number = {2},
	Pages = {137--163},
	Title = {Logistic Regression in Rare Events Data},
	Volume = {9},
	Year = {2001}}

@article{king2001explaining,
	Author = {King, Gary and Zeng, Langche},
	Journal = {International Organization},
	Number = {03},
	Pages = {693--715},
	Title = {Explaining Rare Events in International Relations},
	Volume = {55},
	Year = {2001}}

@article{peng1998generalized,
	Author = {Peng, Yingwei and Dear, Keith BG and Denham, JW},
	Journal = {Statistics in Medicine},
	Number = {8},
	Pages = {813--830},
	Title = {A Generalized F Mixture Model for Cure Rate Estimation},
	Volume = {17},
	Year = {1998}}

@article{peng2003fitting,
	Author = {Peng, Yingwei},
	Journal = {Computational Statistics \& Data Analysis},
	Number = {3},
	Pages = {481--490},
	Publisher = {Elsevier},
	Title = {Fitting Semiparametric Cure Models},
	Volume = {41},
	Year = {2003}}

@article{zhang2007new,
	Author = {Zhang, Jiajia and Peng, Yingwei},
	Journal = {Statistics in Medicine},
	Number = {16},
	Pages = {3157--3171},
	Publisher = {Wiley Online Library},
	Title = {A New Estimation Method for the Semiparametric Accelerated Failure Time Mixture Cure Model},
	Volume = {26},
	Year = {2007}}

@manual{garibotti2010nltm,
	Author = {Gilda Garibotti and Alexander Tsodikov},
	Date-Modified = {2017-02-17 12:51:52 +0000},
	Note = {{R}~package version~1.4.1},
	Title = {\texttt{nltm}: Nonlinear Transformation Models},
	Url = {https://cran.r-project.org/src/contrib/Archive/nltm/},
	Year = {2010}}

@article{tsodikov2003semiparametric,
	Author = {Tsodikov, Alex},
	Journal = {Journal of the Royal Statistical Society: Series B (Statistical Methodology)},
	Number = {3},
	Pages = {759--774},
	Publisher = {Wiley Online Library},
	Title = {Semiparametric Models: a Generalized Self-consistency Approach},
	Volume = {65},
	Year = {2003}}

@article{tsodikov2007profile,
	Author = {Tsodikov, Alexander and Garibotti, Gilda},
	Journal = {Lifetime Data Analysis},
	Number = {1},
	Pages = {139--159},
	Publisher = {Springer},
	Title = {Profile Information Matrix for Nonlinear Transformation Models},
	Volume = {13},
	Year = {2007}}

@misc{buxton2013cureregr,
	Author = {Buxton, Allen},
	Title = {CUREREGR: Stata Module to Estimate Parametric Cure Regression},
	Url = {http://EconPapers.repec.org/RePEc:boc:bocode:s446901},
	Year = {2013}}

@article{lambert2007modeling,
	Author = {Lambert, Paul C},
	Journal = {Stata Journal},
	Number = {3},
	Pages = {351},
	Publisher = {STATA PRESS 4905 LAKEWAY PARKWAY, COLLEGE STATION, TX 77845 USA},
	Title = {Modeling of the Cure Fraction in Survival Studies},
	Volume = {7},
	Year = {2007}}
